@article{Andersen_2017,
    author      = "Andersen, Mie and Medford, Andrew J. and Norskov, Jens K. and Reuter, Karsten",
    title       = "Scaling-Relation-Based Analysis of Bifunctional Catalysis: The Case for Homogeneous Bimetallic Alloys",
    journal     = "ACS Catalysis",
    volume      = "7",
    number      = "6",
    pages       = "3960-3967",
    year        = "2017",
    doi         = "10.1021/acscatal.7b00482",
    URL         = "http://dx.doi.org/10.1021/acscatal.7b0048"
}

@article{Boisen_2010,
    author      = "A. Boisen and T.V.W. Janssens and N. Schumacher and I. Chorkendorff and S. Dahl",
    title       = "Support effects and catalytic trends for water gas shift activity of transition metals",
    journal     = "Journal of Molecular Catalysis A: Chemical",
    volume      = "315",
    number      = "2",
    pages       = "163 - 170",
    year        = "2010",
    issn        = "1381-1169",
    doi         = "https://doi.org/10.1016/j.molcata.2009.06.019",
    url         = "http://www.sciencedirect.com/science/article/pii/S1381116909002878"
}

@article{Brockherde_2017,
    author      = "Felix Brockherde and Leslie Vogt and Li Li and Mark E. Tuckerman and Kieron Burke and Klaus-Robert Muller",
    title       = "Bypassing the Kohn-Sham equations with machine learning",
    journal     = "Nature Communications",
    volume      = "8",
    year        = "2017",
    doi         = "10.1038/s41467-017-00839-3",
    url         = "https://www.nature.com/articles/s41467-017-00839-3"
}

@article{Bunluesin_1998,
    title = "Studies of the water-gas-shift reaction on ceria-supported Pt, Pd, and Rh: Implications for oxygen-storage properties",
    journal = "Applied Catalysis B: Environmental",
    volume = "15",
    number = "1",
    pages = "107 - 114",
    year = "1998",
    issn = "0926-3373",
    doi = "https://doi.org/10.1016/S0926-3373(97)00040-4",
    url = "http://www.sciencedirect.com/science/article/pii/S0926337397000404",
    author = "T. Bunluesin and R.J. Gorte and G.W. Graham",
    keywords = "Water-gas shift, CO oxidation, Oxygen storage, Ceria-supported catalyst, Platinum, Palladium, Rhodium"
}

@article{Clay_2014,
    title       = "DFT comparison of intrinsic WGS kinetics over Pd and Pt",
    journal     = "Journal of Catalysis",
    volume      = "320",
    number      = "Supplement C",
    pages       = "106 - 117",
    year        = "2014",
    issn        = "0021-9517",
    doi         = "https://doi.org/10.1016/j.jcat.2014.09.026",
    url         = "http://www.sciencedirect.com/science/article/pii/S0021951714002772",
    author      = "John P. Clay and Jeffrey P. Greeley and Fabio H. Ribeiro and W. Nicholas Delgass and William F. Schneider"
}

@article {Corma_2002,
    author      = "Corma, Avelino and Serra, Jose M. and Argente, Estefania and Botti, Vicente and Valero, Soledad",
    title       = "Application of Artificial Neural Networks to Combinatorial Catalysis: Modeling and Predicting ODHE Catalysts",
    journal     = "ChemPhysChem",
    volume      = "3",
    number      = "11",
    publisher   = "WILEY-VCH Verlag",
    issn        = "1439-7641",
    pages       = "939-945",
    year        = "2002"
}

@article{Corma_2003_1,
    title       = "Neural networks for modelling of kinetic reaction data applicable to catalyst scale up and process control and optimisation in the frame of combinatorial catalysis",
    journal     = "Applied Catalysis A: General",
    volume      = "254",
    number      = "1",
    pages       = "133 - 145",
    year        = "2003",
    note        = "Combinatorial Chemistry",
    doi         = "https://doi.org/10.1016/S0926-860X(03)00283-7",
    author      = "Jose M. Serra and Avelino Corma and Estefania Argente and Soledad Valero and Vicente Botti"
}

@article{Corma_2003_2,
    title       = "Can artificial neural networks help the experimentation in catalysis?",
    journal     = "Catalysis Today",
    volume      = "81",
    number      = "3",
    pages       = "393 - 403",
    year        = "2003",
    note        = "European Workshop on Combinatorial Catalysis",
    issn        = "0920-5861",
    doi         = "https://doi.org/10.1016/S0920-5861(03)00137-8",
    author      = "Jose M. Serra and Avelino Corma and Antonio Chica and Estefania Argente and Vicente Botti"
}

@article{Corma_2005,
    title       = "Optimisation of olefin epoxidation catalysts with the application of high-throughput and genetic algorithms assisted by artificial neural networks (softcomputing techniques)",
    journal     = "Journal of Catalysis",
    volume      = "229",
    number      = "2",
    pages       = "513 - 524",
    year        = "2005",
    issn        = "0021-9517",
    doi         = "https://doi.org/10.1016/j.jcat.2004.11.024",
    url         = "http://www.sciencedirect.com/science/article/pii/S002195170400555X",
    author      = "A. Corma and J.M. Serra and P. Serna and S. Valero and E. Argente and V. Botti"
}

@article{Corma_2006,
    author      = {Corma, Avelino and Moliner, Manuel and Serra, Jose M. and Serna, Pedro and Doaz-Cabanas, Maria J. and Baumes, Laurent A.},
    title       = {A New Mapping/Exploration Approach for HT Synthesis of Zeolites},
    journal     = {Chemistry of Materials},
    volume      = {18},
    number      = {14},
    pages       = {3287-3296},
    year        = {2006},
    doi         = {10.1021/cm060620k},
    URL         = {http://dx.doi.org/10.1021/cm060620k}
}

@article{Corma_2008,
    title       = "DoE framework for catalyst development based on soft computing techniques",
    journal     = "Computers \& Chemical Engineering",
    volume      = "33",
    number      = "1",
    pages       = "225 - 238",
    year        = "2009",
    issn        = "0098-1354",
    doi         = "https://doi.org/10.1016/j.compchemeng.2008.08.012",
    url         = "http://www.sciencedirect.com/science/article/pii/S0098135408001658",
    author      = "S. Valero and E. Argente and V. Botti and J.M. Serra and P. Serna and M. Moliner and A. Corma"
}

@article{Deshpande_2010,
    title       = "Pd and Pt ions as highly active sites for the water-gas shift reaction over combustion synthesized zirconia and zirconia-modified ceria",
    journal     = "Applied Catalysis B: Environmental",
    volume      = "96",
    number      = "1",
    pages       = "83 - 93",
    year        = "2010",
    issn        = "0926-3373",
    doi         = "https://doi.org/10.1016/j.apcatb.2010.02.004",
    url         = "http://www.sciencedirect.com/science/article/pii/S0926337310000603",
    author      = "Parag A. Deshpande and M.S. Hegde and Giridhar Madras"
}

@article {Fu_2003,
    author = {Fu, Qi and Saltsburg, Howard and Flytzani-Stephanopoulos, Maria},
    title = {Active Nonmetallic Au and Pt Species on Ceria-Based Water-Gas Shift Catalysts},
    volume = {301},
    number = {5635},
    pages = {935--938},
    year = {2003},
    doi = {10.1126/science.1085721},
    publisher = {American Association for the Advancement of Science},
    issn = {0036-8075},
    URL = {http://science.sciencemag.org/content/301/5635/935},
    eprint = {http://science.sciencemag.org/content/301/5635/935.full.pdf},
    journal = {Science}
}

@article{Gani_2017,
    author      = "Terry Zhi Hao Gani and Heather Janine Kulik",
    title       = {Understanding and Breaking Scaling Relations in Single-Site Catalysis: Methane-to-methanol Conversion by Fe(IV)=O},
    year        = "2017",
    month       = "10",
    doi         = "10.26434/chemrxiv.5525572.v1"
}

@article{Grabow_2008,
    author      = {Grabow, Lars C. and Gokhale, Amit A. and Evans, Steven T. and Dumesic, James A. and Mavrikakis, Manos},
    title       = {Mechanism of the Water Gas Shift Reaction on Pt: a First Principles, Experiments, and Microkinetic Modeling},
    journal     = {The Journal of Physical Chemistry C},
    volume      = {112},
    number      = {12},
    pages       = {4608-4617},
    year        = {2008},
    doi         = {10.1021/jp7099702},
    URL         = { http://dx.doi.org/10.1021/jp7099702},
    eprint      = { http://dx.doi.org/10.1021/jp7099702}
}

@article{Greeley_2016,
    author      = {Jeffrey Greeley},
    title       = {Theoretical Heterogeneous Catalysis: Scaling Relationships and Computational Catalyst Design},
    journal     = {Annual Review of Chemical and Biomolecular Engineering},
    volume      = {7},
    number      = {1},
    pages       = {605-635},
    year        = {2016},
    doi         = {10.1146/annurev-chembioeng-080615-034413}
}

@article{Gokhale_2008,
    author      = {Gokhale, Amit A. and Dumesic, James A. and Mavrikakis, Manos},
    title       = {On the Mechanism of Low-Temperature Water Gas Shift Reaction on Copper},
    journal     = {Journal of the American Chemical Society},
    volume      = {130},
    number      = {4},
    pages       = {1402-1414},
    year        = {2008},
    doi         = {10.1021/ja0768237},
    URL         = { http://dx.doi.org/10.1021/ja0768237},
}

@book{Grus_2015,
    address     = {Beijing},
    author      = {Grus, Joel},
    groups      = {public},
    isbn        = {978-1-4919-0142-7},
    publisher   = {O'Reilly},
    timestamp   = {2017-04-30T14:16:12.000+0200},
    title       = {Data Science from Scratch: First Principles with Python},
    url         = {http://my.safaribooksonline.com/97814919-01427},
    year        = {2015}
}

@article {Herron_2010,
    author      = {Zhai, Yanping and Pierre, Danny and Si, Rui and Deng, Weiling and Ferrin, Peter and Nilekar, Anand U. and Peng, Guowen and Herron, Jeffrey A. and Bell, David C. and Saltsburg, Howard and Mavrikakis, Manos and Flytzani-Stephanopoulos, Maria},
    title       = {Alkali-Stabilized Pt-OHx Species Catalyze Low-Temperature Water-Gas Shift Reactions},
    volume      = {329},
    number      = {5999},
    pages       = {1633-1636},
    year        = {2010},
    doi         = {10.1126/science.1192449},
    publisher   = {American Association for the Advancement of Science},
    issn        = {0036-8075},
    URL         = {http://science.sciencemag.org/content/329/5999/1633},
    journal     = {Science}
}

@article{Herron_2014,
    author      = {Herron, Jeffrey A. and Scaranto, Jessica and Ferrin, Peter and Li, Sha and Mavrikakis, Manos},
    title       = {Trends in Formic Acid Decomposition on Model Transition Metal Surfaces: A Density Functional Theory study},
    journal     = {ACS Catalysis},
    volume      = {4},
    number      = {12},
    pages       = {4434-4445},
    year        = {2014},
    doi         = {10.1021/cs500737p},
    URL         = { http://dx.doi.org/10.1021/cs500737p},
    eprint      = { http://dx.doi.org/10.1021/cs500737p}
}

@article{Hilaire_2001,
    title       = {A comparative study of water-gas shift reaction over ceria supported metallic catalysts},
    journal     = "Applied Catalysis A: General",
    volume      = "215",
    number      = "1",
    pages       = "271 - 278",
    year        = "2001",
    issn        = "0926-860X",
    doi         = "https://doi.org/10.1016/S0926-860X(01)00535-X",
    url         = "http://www.sciencedirect.com/science/article/pii/S0926860X0100535X",
    author      = "S Hilaire and X Wang and T Luo and R.J Gorte and J Wagner"
}

@inproceedings{Ioffe_2015, 
    publisher   = {JMLR Workshop and Conference Proceedings}, 
    title       = {Batch Normalization: Accelerating Deep Network Training by Reducing Internal Covariate Shift}, 
    author      = {Ioffe, Sergey and Szegedy, Christian}, 
    year        = "2015", 
    booktitle   = "Proceedings of the 32nd International Conference on Machine Learning (ICML-15)", 
    editor      = {David Blei and Francis Bach}, 
    pages       = "448-456"
}

@misc{Jacobson_2013, 
    title       = {Introduction to Artificial Neural Networks - Part 1}, 
    url         = {http://www.theprojectspot.com/tutorial-post/introduction-to-artificial-neural-networks-part-1/7}, 
    journal     = {The Project Spot}, 
    author      = {Jacobson, Lee}, 
    year        = {2013}, month={12}
}

@article{Kito_1989,
    title       = "Expert systems approach to computer-aided design of catalysts",
    journal     = "Applied Catalysis",
    volume      = "48",
    number      = "1",
    pages       = "107 - 121",
    year        = "1989",
    issn        = "0166-9834",
    doi         = "https://doi.org/10.1016/S0166-9834(00)80269-9",
    url         = "http://www.sciencedirect.com/science/article/pii/S0166983400802699",
    author      = "Shigeharu Kito and Tadashi Hattori and Yuichi Murakami"
}

@article{Kito_1991,
    title       = "Estimation of the Acid Strength of Mixed Oxides by a Neural Network",
    journal     = "Ind. Eng. Chem. Res.",
    volume      = "31",
    pages       = "979-981",
    year        = "1991",
    url         = "http://pubs.acs.org/doi/pdf/10.1021/ie00003a046",
    author      = "Shigeharu Kito and Tadashi Hattori"
}

@article{Kito_1994,
    title       = "Estimation of catalytic performance by neural network a product distribution in oxidative dehydrogenation of ethylbenzene",
    journal     = "Applied Catalysis A: General",
    volume      = "114",
    number      = "2",
    pages       = "L173 - L178",
    year        = "1994",
    issn        = "0926-860X",
    doi         = "https://doi.org/10.1016/0926-860X(94)80169-X",
    author      = "Shigeharu Kito and Tadashi Hattori and Yuichi Murakami"
}

@article{Kito_2004,
    title       = "Application of neural network to estimation of catalyst deactivation in methanol conversion",
    journal     = "Catalysis Today",
    volume      = "97",
    number      = "1",
    pages       = "41 - 47",
    year        = "2004",
    note        = "Advanced Methods in Characterization of Catalysts and Materials",
    issn        = "0920-5861",
    doi         = "https://doi.org/10.1016/j.cattod.2004.04.052",
    url         = "http://www.sciencedirect.com/science/article/pii/S0920586104003499",
    author      = "S. Kito and A. Satsuma and T. Ishikura and M. Niwa and Y. Murakami and T. Hattori"
}

@article{Kito_2006,
    title       = "Analysis of factors controlling catalytic activity by neural network",
    journal     = "Catalysis Today",
    volume      = "111",
    number      = "3",
    pages       = "328 - 332",
    year        = "2006",
    issn        = "0920-5861",
    doi         = "https://doi.org/10.1016/j.cattod.2005.10.044",
    url         = "http://www.sciencedirect.com/science/article/pii/S092058610500800X",
    author      = "Tadashi Hattori and Shigeharu Kito"
}

@INPROCEEDINGS{Kohavi_1995,
    author = {Ron Kohavi},
    title = {A Study of Cross-Validation and Bootstrap for Accuracy Estimation and Model Selection},
    booktitle = {},
    year = {1995},
    pages = {1137--1143},
    publisher = {Morgan Kaufmann}
}

@article{Koryabkina_2003,
    title       = "Determination of kinetic parameters for the water-gas shift reaction on copper catalysts under realistic conditions for fuel cell applications",
    journal     = "Journal of Catalysis",
    volume      = "217",
    number      = "1",
    pages       = "233 - 239",
    year        = "2003",
    issn        = "0021-9517",
    doi         = "https://doi.org/10.1016/S0021-9517(03)00050-2",
    url         = "http://www.sciencedirect.com/science/article/pii/S0021951703000502",
    author      = "N.A. Koryabkina and A.A. Phatak and W.F. Ruettinger and R.J. Farrauto and F.H. Ribeiro",
    keywords    = "Water-gas shift (WGS) reaction on Cu, Rate, Reaction order, Kinetics, Effect of ceria"
}

@article{Kugai_2011,
    title       = "Role of metal components in Pd-Cu bimetallic catalysts supported on CeO2 for the oxygen-enhanced water gas shift",
    journal     = "Applied Catalysis B: Environmental",
    volume      = "105",
    number      = "3",
    pages       = "306 - 316",
    year        = "2011",
    issn        = "0926-3373",
    doi         = "https://doi.org/10.1016/j.apcatb.2011.04.020",
    url         = "http://www.sciencedirect.com/science/article/pii/S0926337311001834",
    author      = "Junichiro Kugai and Jeffrey T. Miller and Neng Guo and Chunshan Song"
}

@article{Li_2000,
    title       = "Low-temperature water-gas shift reaction over Cu- and Ni-loaded cerium oxide catalysts",
    journal     = "Applied Catalysis B: Environmental",
    volume      = "27",
    number      = "3",
    pages       = "179 - 191",
    year        = "2000",
    issn        = "0926-3373",
    doi         = "https://doi.org/10.1016/S0926-3373(00)00147-8",
    url         = "http://www.sciencedirect.com/science/article/pii/S0926337300001478",
    author      = "Yue Li and Qi Fu and Maria Flytzani-Stephanopoulos"
}

@article{Madon_2011,
    title       = "Microkinetic analysis and mechanism of the water gas shift reaction over copper catalysts",
    journal     = "Journal of Catalysis",
    volume      = "281",
    number      = "1",
    pages       = "1 - 11",
    year        = "2011",
    issn        = "0021-9517",
    doi         = "https://doi.org/10.1016/j.jcat.2011.03.008",
    url         = "http://www.sciencedirect.com/science/article/pii/S0021951711000807",
    author      = "Rostam J. Madon and Drew Braden and Shampa Kandoi and Peter Nagel and Manos Mavrikakis and James A. Dumesic"
}

@book{NIST ,
    author = {P.J. Linstrom and W.G. Mallard},
    title = {NIST Chemistry WebBook, NIST Standard Reference Database Number 69},
    publisher = {National Institute of Standards and Technology},
    address = {Gaithersburg MD, 20899},
    doi = {doi:10.18434/T4D303}
}

@article{Odabasi_2014,
    author      = {Odabasi, Cagla and Gaenay, M and Yildirim, Ramazan},
    year        = {2014},
    month       = {04},
    title       = {Knowledge extraction for water gas shift reaction over noble metal catalysts from publications in the literature between 2002 and 2012},
    volume      = {39},
    journal   = {International Journal of Hydrogen Energy}
}

@article{Omata_2004,
    author      = {Omata, Kohji and Watanabe, Yuhsuke and Hashimoto, Masahiko and Umegaki, Tetsuo and Yamada, Muneyoshi},
    title       = {Simultaneous Optimization of Preparation Conditions and Composition of the Methanol Synthesis Catalyst by an All-Encompassing Calculation on an Artificial Neural Network},
    journal     = {Industrial \& Engineering Chemistry Research},
    volume      = {43},
    number      = {13},
    pages       = {3282-3288},
    year        = {2004},
    doi         = {10.1021/ie034173j},
    URL         = { http://dx.doi.org/10.1021/ie034173j},
    eprint      = { http://dx.doi.org/10.1021/ie034173j}
}

@article{Omata_2004_2,
    author      = {Omata, Kohji and Yamada, Muneyoshi},
    title       = {Prediction of Effective Additives to a Ni/Active Carbon Catalyst for Vapor-Phase Carbonylation of Methanol by an Artificial Neural Network},
    journal     = {Industrial \& Engineering Chemistry Research},
    volume      = {43},
    number      = {20},
    pages       = {6622-6625},
    year        = {2004},
    doi         = {10.1021/ie049609p},
    URL         = {http://dx.doi.org/10.1021/ie049609p},
}

@article{Omata_2006_1,
    title       = "Artificial neural network-aided design of Co/SrCO3 catalyst for preferential oxidation of CO in excess hydrogen",
    journal     = "Catalysis Today",
    volume      = "117",
    number      = "1",
    pages       = "311 - 315",
    year        = "2006",
    note        = "The 5th World Congress on Oxidation Catalysis",
    issn        = "0920-5861",
    doi         = "https://doi.org/10.1016/j.cattod.2006.05.032",
    url         = "http://www.sciencedirect.com/science/article/pii/S0920586106002811",
    author      = "Kohji Omata and Yasukazu Kobayashi and Muneyoshi Yamada"
}

@article{Omata_2006_2,
    author      = {Omata, Kohji and Sutarto and Hashimoto, Masahiko and Ishiguro, Gunji and Watanabe, Yuhsuke and Umegaki, Tetsuo and Yamada, Muneyoshi},
    title       = {Design and Development of Cu-Zn Oxide Catalyst for Direct Dimethyl Ether Synthesis Using an Artificial Neural Network and Physicochemical Properties of Elements},
    journal     = {Industrial \& Engineering Chemistry Research},
    volume      = {45},
    number      = {14},
    pages       = {4905-4910},
    year        = {2006},
    doi         = {10.1021/ie050640g},
    URL         = { http://dx.doi.org/10.1021/ie050640g},
    eprint      = { http://dx.doi.org/10.1021/ie050640g}
}

@article{Omata_2007,
    title       = "Artificial neural network aided virtual screening of additives to a Co/SrCO3 catalyst for preferential oxidation of CO in excess hydrogen",
    journal     = "Catalysis Communications",
    volume      = "8",
    number      = "1",
    pages       = "1 - 5",
    year        = "2007",
    issn        = "1566-7367",
    doi         = "https://doi.org/10.1016/j.catcom.2006.04.018",
    url         = "http://www.sciencedirect.com/science/article/pii/S1566736706001233",
    author      = "K. Omata and Y. Kobayashi and M. Yamada"
}

@article{Omata_2008,
    title       = "Development of a high performance Cu-based ternary oxide catalyst for oxidative steam reforming of methanol using an artificial neural network",
    journal     = "Applied Catalysis A: General",
    volume      = "351",
    number      = "2",
    pages       = "210 - 216",
    year        = "2008",
    issn        = "0926-860X",
    doi         = "https://doi.org/10.1016/j.apcata.2008.09.019",
    url         = "http://www.sciencedirect.com/science/article/pii/S0926860X08005851",
    author      = "Tetsuo Umegaki and Akihiro Masuda and Kohji Omata and Muneyoshi Yamada"
}

@article{Omata_2009,
    author      = {Omata, Kohji and Kobayashi, Yasukazu and Yamada, Muneyoshi},
    title       = {Artificial Neural Network Aided Screening and Optimization of Additives to Co/SrCO3 Catalyst for Dry Reforming of Methane under Pressure},
    journal     = {Energy \& Fuels},
    volume      = {23},
    number      = {4},
    pages       = {1931-1935},
    year        = {2009},
    doi         = {10.1021/ef8010004},
    URL         = {http://dx.doi.org/10.1021/ef8010004},
    eprint      = {http://dx.doi.org/10.1021/ef8010004}
}

@article{Omata_2009_2,
    author      = {Omata, Kohji and Yamazaki, Yuichiro and Watanabe, Yuhsuke and Kodama, Kyosuke and Yamada, Muneyoshi},
    title       = {Artificial Neural Network (ANN)-Aided Optimization of ZSM-5 Catalyst for the Dimethyl Ether to Olefin (DTO) Reaction from Neat Dimethyl Ether (DME)},
    journal     = {Industrial \& Engineering Chemistry Research},
    volume      = {48},
    number      = {13},
    pages       = {6256-6261},
    year        = {2009},
    doi         = {10.1021/ie801757p},
    URL         = {http://dx.doi.org/10.1021/ie801757p},
    eprint      = {http://dx.doi.org/10.1021/ie801757p}
}

@article{Omata_2010,
    author      = {Kobayashi, Yasukazu and Omata, Kohji and Yamada, Muneyoshi},
    title       = {Screening of Additives to a Co/SrCO3 Catalyst by Artificial Neural Network for Preferential Oxidation of CO in Excess H2},
    journal     = {Industrial \& Engineering Chemistry Research},
    volume      = {49},
    number      = {4},
    pages       = {1541-1549},
    year        = {2010},
    doi         = {10.1021/ie901435h},
    URL         = {http://dx.doi.org/10.1021/ie901435h},
    eprint      = {http://dx.doi.org/10.1021/ie901435h}
}

@article{Phatak_2007,
    title       = "Kinetics of the water-gas shift reaction on Pt catalysts supported on alumina and ceria",
    journal     = "Catalysis Today",
    volume      = "123",
    number      = "1",
    pages       = "224 - 234",
    year        = "2007",
    note        = "M. Albert Vannice Festschrift",
    issn        = "0920-5861",
    doi         = "https://doi.org/10.1016/j.cattod.2007.02.031",
    author      = "A.A. Phatak and N. Koryabkina and S. Rai and J.L. Ratts and W. Ruettinger and R.J. Farrauto and G.E. Blau and W.N. Delgass and F.H. Ribeiro"
}

@article {Rodriguez_2007,
    author      = {Rodriguez, J. A. and Ma, S. and Liu, P. and Hrbek, J. and Evans, J. and Perez, M.},
    title       = {Activity of CeOx and TiOx Nanoparticles Grown on Au(111) in the Water-Gas Shift Reaction},
    volume      = {318},
    number      = {5857},
    pages       = {1757--1760},
    year        = {2007},
    doi         = {10.1126/science.1150038},
    publisher   = {American Association for the Advancement of Science},
    issn        = {0036-8075},
    URL         = {http://science.sciencemag.org/content/318/5857/1757},
    eprint      = {http://science.sciencemag.org/content/318/5857/1757.full.pdf},
    journal     = {Science}
}

@article{Rumelhart_1986,
    author      = {David Rumelhart, Geoffrey Hinton, Ronald Williams},
    title       = {Learning representations by back-propagating errors},
    journal     = {Nature},
    volume      = {323},
    pages       = {533-536},
    year        = {1986},
    URL         = {http://elderlab.yorku.ca/~elder/teaching/cosc6390psyc6225/readings/hinton%201986.pdf}
}

@article{Sabnis_2015,
    title       = "Water-gas shift catalysis over transition metals supported on molybdenum carbide",
    journal     = "Journal of Catalysis",
    volume      = "331",
    number      = "Supplement C",
    pages       = "162 - 171",
    year        = "2015",
    issn        = "0021-9517",
    doi         = "https://doi.org/10.1016/j.jcat.2015.08.017",
    url         = "http://www.sciencedirect.com/science/article/pii/S0021951715002808",
    author      = "Kaiwalya D. Sabnis and Yanran Cui and M. Cem Akatay and Mayank Shekhar and Wen-Sheng Lee and Jeffrey T. Miller and W. Nicholas Delgass and Fabio H. Ribeiro"
}

@phdthesis{Snyder_2014,
    author      = {Snyder, John C.},
    advisor     = {Burke, Kieron},
    title       = {Applications of Machine Learning to Density Functional Theory},
    year        = {2014},
    isbn        = {978-1-303-71732-1},
    note        = {AAI3611211},
    publisher   = {California State University at Long Beach},
    address     = {Long Beach, CA, USA}
}

@article{Thinon_2008,
    title       = "Screening of bifunctional water-gas shift catalysts",
    journal     = "Catalysis Today",
    volume      = "137",
    number      = "1",
    pages       = "29 - 35",
    year        = "2008",
    note        = "Recent Developments in Combinatorial Catalysis Research and High-Throughput Technologies",
    issn        = "0920-5861",
    doi         = "https://doi.org/10.1016/j.cattod.2008.01.001",
    url         = "http://www.sciencedirect.com/science/article/pii/S0920586108000151",
    author      = "Olivier Thinon and Fabrice Diehl and Priscilla Avenier and Yves Schuurman"
}

@article{Turing_1950,
    author      = {TURING, A. M.},
    title       = {COMPUTING MACHINERY AND INTELLIGENCE},
    journal     = {Mind},
    volume      = {LIX},
    number      = {236},
    pages       = {433-460},
    year        = {1950},
    doi         = {10.1093/mind/LIX.236.433},
    URL         = {http://dx.doi.org/10.1093/mind/LIX.236.433}
}

@article{Ulissi_2017,
    title       = "To address surface reaction network complexity using scaling relations machine learning and DFT calculations",
    journal     = "Nature Communications",
    volume      = "8",
    year        = "2017",
    doi         = "10.1038/ncomms14621",
    url         = "https://www.nature.com/articles/ncomms14621.pdf",
    author      = "Zachary W. Ulissi and Andrew J. Medford and Thomas Bligaard and Jens K. Norskov"
}

@Article{Upadhye_2015,
    author      = "Upadhye, Aniruddha A. and Ro, Insoo and Zeng, Xu and Kim, Hyung Ju and Tejedor, Isabel and Anderson, Marc A. and Dumesic, James A. and Huber, George W.",
    title       = "Plasmon-enhanced reverse water gas shift reaction over oxide supported Au catalysts",
    journal     = "Catal. Sci. Technol.",
    year        = "2015",
    volume      = "5",
    issue       = "5",
    pages       = "2590-2601",
    publisher   = "The Royal Society of Chemistry",
    doi         = "10.1039/C4CY01183J",
    url         = "http://dx.doi.org/10.1039/C4CY01183J"
}

@article {Weiling_2006,
    author = {Deng, Weiling and Flytzani-Stephanopoulos, Maria},
    title = {On the Issue of the Deactivation of Au–Ceria and Pt–Ceria Water–Gas Shift Catalysts in Practical Fuel-Cell Applications},
    journal = {Angewandte Chemie},
    volume = {118},
    number = {14},
    publisher = {WILEY-VCH Verlag},
    issn = {1521-3757},
    url = {http://dx.doi.org/10.1002/ange.200503220},
    doi = {10.1002/ange.200503220},
    pages = {2343--2347},
    year = {2006},
}


@article{Williams_2012,
    title       = "Effect of molybdenum addition on supported platinum catalysts for the water-gas shift reaction",
    journal     = "Applied Catalysis B: Environmental",
    volume      = "125",
    number      = "Supplement C",
    pages       = "206 - 214",
    year        = "2012",
    issn        = "0926-3373",
    doi         = "https://doi.org/10.1016/j.apcatb.2012.05.037",
    url         = "http://www.sciencedirect.com/science/article/pii/S0926337312002408",
    author      = "W. Damion Williams and Luis Bollmann and Jeffrey T. Miller and W. Nicholas Delgass and Fabio H. Ribeiro"
}
